<?xml version="1.0" encoding="UTF-8"?><record xmlns="http://www.loc.gov/MARC21/slim" xmlns:cinclude="http://apache.org/cocoon/include/1.0" xmlns:zs="http://www.loc.gov/zing/srw/">
  <leader>00416cz  a2200121n  4500</leader>
  <controlfield tag="001">n  92007096 </controlfield>
  <controlfield tag="003">DLC</controlfield>
  <controlfield tag="005">19920129085747.3</controlfield>
  <controlfield tag="008">920123n| acannaab|          |n aaa |||  </controlfield>
  <datafield tag="010" ind1=" " ind2=" ">
    <subfield code="a">n  92007096 </subfield>
  </datafield>
  <datafield tag="040" ind1=" " ind2=" ">
    <subfield code="a">DLC</subfield>
    <subfield code="c">DLC</subfield>
    <subfield code="d">DLC</subfield>
  </datafield>
  <datafield tag="100" ind1="1" ind2="0">
    <subfield code="a">Etlicher, Bernard</subfield>
  </datafield>
  <datafield tag="670" ind1=" " ind2=" ">
    <subfield code="a">His Les massifs du Forez, du Pilat et du Vivarais, 1986:</subfield>
    <subfield code="b">t.p. (Bernard Etlicher, agrégé de l'Université, docteur ès lettres; Univ. de Saint-Etienne)</subfield>
  </datafield>
</record>